
@misc{gprmax,
	howpublished = {\url{http://www.gprmax.com}},
}

@misc{pest,
	howpublished = {\url{http://www.pesthomepage.com}},
}

@article{jazayeri2017,
	title={	IMPROVING ESTIMATES OF BURIED PIPE DIAMETER AND INFILLING MATERIAL FROM GPR PROFILES WITH FULL WAVEFORM INVERSION USING PEST},
	author={Jazayeri, Sajad and Klotzsche, Anja and Kruse, Sarah},
	journal={Submitted to Geophysics},
	volume={},
	number={},
	pages={},
	year={2017},
	publisher={Society of Exploration Geophysicists}
}

@incollection{jazayeri2017sparse,
	title={Sparse blind deconvolution of common-offset GPR data},
	author={Jazayeri, Sajad and Ebrahimi, Alaeddin and Kruse, Sarah},
	booktitle={SEG Technical Program Expanded Abstracts 2017},
	pages={5140--5145},
	year={2017},
	publisher={Society of Exploration Geophysicists}
}